@misc{david2001handbook,
  title={Handbook of batteries},
  author={David, Linden and Thomas, B Reddy},
  year={2001},
  publisher={McGraw-Hill Professional}
}

@article{luo2012binder,
  title={Binder-free {LiCoO$_2$} carbon nanotube cathodes for high-performance lithium ion batteries},
  author={Luo, Shu and Wang, Ke and Wang, Jiaping and Jiang, Kaili and Li, Qunqing and Fan, Shoushan},
  journal={Advanced Materials},
  volume={24},
  number={17},
  pages={2294--2298},
  year={2012},
  publisher={Wiley Online Library}
}

@article{ong2011comparison,
  title={Comparison of small polaron migration and phase separation in olivine LiMnPO 4 and LiFePO 4 using hybrid density functional theory},
  author={Ong, Shyue Ping and Chevrier, Vincent L and Ceder, Gerbrand},
  journal={Physical Review B},
  volume={83},
  number={7},
  pages={075112},
  year={2011},
  publisher={APS}
}

@article{ritchie2001recent,
  title={Recent developments and future prospects for lithium rechargeable batteries},
  author={Ritchie, AG},
  journal={Journal of power Sources},
  volume={96},
  number={1},
  pages={1--4},
  year={2001},
  publisher={Elsevier}
}

@article{elong2013solid,
  title={Solid Solutions of {LiCo$_{1−x}$Ni$_x$O$_2$} (x = 0,0.1,...,0.9) Obtained via a Combustion Synthesis Route and Their Electrochemical Characteristics},
  author={Elong, Kelimah and Kamarulzaman, Norlida and Rusdi, Roshidah and Badar, Nurhanna and Jaafar, Mohd Hilmi},
  journal={ISRN Condensed Matter Physics},
  volume={2013},
  year={2013},
  publisher={Hindawi Publishing Corporation}
}

@article{sun2010electrochemical,
  title={Electrochemical properties of facile emulsified {LiV$_3$O$_8$} materials},
  author={Sun, Junli and Peng, Wenxiu and Song, Dawei and Wang, Qinghong and Du, Hongmei and Jiao, Lifang and Si, Yuchang and Yuan, Huatang},
  journal={Materials Chemistry and Physics},
  volume={124},
  number={1},
  pages={248--251},
  year={2010},
  publisher={Elsevier}
}

@article{salehen2017evaluation,
  title={Evaluation of charge-discharge Characteristic of lithium cobalt nickel manganese oxide for high–energy density lithium-ion batteries},
  author={Salehen, PMW and Razali, H and Sopian, K and Lee, TK and Su'ait, MS},
  journal={Journal of the Society of Automotive Engineers Malaysia},
  volume={1},
  number={3},
  year={2017}
}


@article{liu2009effects,
  title={Effects of fluorine doping on the electrochemical properties of {LiV$_3$O$_8$} cathode material},
  author={Liu, Yongmei and Zhou, Xuechou and Guo, Yonglang},
  journal={Electrochimica acta},
  volume={54},
  number={11},
  pages={3184--3190},
  year={2009},
  publisher={Elsevier}
}


@article{yan1999microwave,
  title={Microwave synthesis of  {LiMn$_2$O$_4$} cathode material},
  author={Yan, Hongwei and Huang, Xuejie and Chen, Liquan},
  journal={Journal of power sources},
  volume={81},
  pages={647--650},
  year={1999},
  publisher={Elsevier}
}


@article{padhi1997effect,
  title={Effect of structure on the  {Fe$^{3+}$/Fe$^{2+}$} redox couple in iron phosphates},
  author={Padhi, AK and Nanjundaswamy, KS and Masquelier, C and Okada, Shigeto and Goodenough, John B},
  journal={Journal of the Electrochemical Society},
  volume={144},
  number={5},
  pages={1609},
  year={1997},
  publisher={IOP Publishing}
}

@article{franger2003comparison,
  title={Comparison between different  {LiFePO$_4$} synthesis routes and their influence on its physico-chemical properties},
  author={Franger, Sylvain and Le Cras, Frederic and Bourbon, Carole and Rouault, Helene},
  journal={Journal of Power Sources},
  volume={119},
  pages={252--257},
  year={2003},
  publisher={Elsevier}
}

@article{aksyonov2018understanding,
  title={Understanding migration barriers for monovalent ion insertion in transition metal oxide and phosphate based cathode materials: A DFT study},
  author={Aksyonov, DA and Fedotov, SS and Stevenson, KJ and Zhugayevych, A},
  journal={Computational Materials Science},
  volume={154},
  pages={449--458},
  year={2018},
  publisher={Elsevier}
}



@article{sumanov2019hydrotriphylites,
  title={{“Hydrotriphylites”}  {Li$_{1-x}$Fe$_{1+x}$(PO$_4$)$_{1-y}$(OH)$_4y$} as Cathode Materials for Li-ion Batteries},
  author={Sumanov, Vasily D and Aksyonov, Dmitry A and Drozhzhin, Oleg A and Presniakov, Igor and Sobolev, Alexey V and Glazkova, Iana and Tsirlin, Alexander A and Rupasov, Dmitry and Senyshyn, Anatoliy and Kolesnik, Irina V and others},
  journal={Chemistry of Materials},
  volume={31},
  number={14},
  pages={5035--5046},
  year={2019},
  publisher={ACS Publications}
}

@article{chang2019clease,
  title={CLEASE: a versatile and user-friendly implementation of cluster expansion method},
  author={Chang, Jin Hyun and Kleiven, David and Melander, Marko and Akola, Jaakko and Garcia-Lastra, Juan Maria and Vegge, Tejs},
  journal={Journal of Physics: Condensed Matter},
  volume={31},
  number={32},
  pages={325901},
  year={2019},
  publisher={IOP Publishing}
}


@article{qin2018ab,
  title={Ab initio study of water speciation in forsterite: Importance of the entropic effect},
  author={Qin, Tian and Wentzcovitch, Renata M and Umemoto, Koichiro and Hirschmann, Marc M and Kohlstedt, David L},
  journal={American Mineralogist},
  volume={103},
  number={5},
  pages={692--699},
  year={2018},
  publisher={Mineralogical Society of America}
}

@misc{wu2015lifepo4,
  title={ {LiFePO$_4$} Cathode Material, Electric Vehicles—The Benefits and Barriers, Dr. Seref Soylu (Ed.), ISBN: 978-953-307-287-6, InTech},
  author={Wu, Borong and Ren, Yonghuan and Li, Ning},
  year={2015}
}

@article{huang2001approaching,
  title={Approaching theoretical capacity of  {LiFePO$_4$} at room temperature at high rates},
  author={Huang, H and Yin, S-C and Nazar, LF s},
  journal={Electrochemical and Solid-State Letters},
  volume={4},
  number={10},
  pages={A170--A172},
  year={2001},
  publisher={The Electrochemical Society}
}

@article{shiraishi2005formation,
  title={Formation of impurities on phospho-olivine  {LiFePO$_4$} during hydrothermal synthesis},
  author={Shiraishi, Keisuke and Dokko, Kaoru and Kanamura, Kiyoshi},
  journal={Journal of power Sources},
  volume={146},
  number={1-2},
  pages={555--558},
  year={2005},
  publisher={Elsevier}
}

@article{takahashi2002reaction,
  title={Reaction behavior of  {LiFePO$_4$} as a cathode material for rechargeable lithium batteries},
  author={Takahashi, Masaya and Tobishima, Shin-ichi and Takei, Koji and Sakurai, Yoji},
  journal={Solid state ionics},
  volume={148},
  number={3-4},
  pages={283--289},
  year={2002},
  publisher={Elsevier}
}

@article{shi2003enhancement,
  title={Enhancement of electronic conductivity of  {LiFePO$_4$} by Cr doping and its identification by first-principles calculations},
  author={Shi, Siqi and Liu, Lijun and Ouyang, Chuying and Wang, Ding-sheng and Wang, Zhaoxiang and Chen, Liquan and Huang, Xuejie},
  journal={Physical Review B},
  volume={68},
  number={19},
  pages={195108},
  year={2003},
  publisher={APS}
}

@article{xu2004electronic,
  title={Electronic structure and electrical conductivity of undoped  {LiFePO$_4$}},
  author={Xu, Yong-Nian and Chung, Sung-Yoon and Bloking, Jason T and Chiang, Yet-Ming and Ching, WY},
  journal={Electrochemical and Solid State Letters},
  volume={7},
  number={6},
  pages={A131},
  year={2004},
  publisher={IOP Publishing}
}

@article{zaghib2007electronic,
  title={Electronic, optical, and magnetic properties of  {LiFePO$_4$}: small magnetic polaron effects},
  author={Zaghib, K and Mauger, A and Goodenough, John B and Gendron, F and Julien, CM},
  journal={Chemistry of materials},
  volume={19},
  number={15},
  pages={3740--3747},
  year={2007},
  publisher={ACS Publications}
}

@article{amine2000olivine,
  title={Olivine  {LiCoPO$_4$} as 4.8 V electrode material for lithium batteries},
  author={Amine, K and Yasuda, H and Yamachi, M},
  journal={Electrochemical and Solid-State Letters},
  volume={3},
  number={4},
  pages={178--179},
  year={2000},
  publisher={The Electrochemical Society}
}

@article{aravindan2013limnpo,
  title={ {LiMnPO$_4$} -- A next generation cathode material for lithium-ion batteries},
  author={Aravindan, Vanchiappan and Gnanaraj, Joe and Lee, Yun-Sung and Madhavi, Srinivasan},
  journal={Journal of Materials Chemistry A},
  volume={1},
  number={11},
  pages={3518--3539},
  year={2013},
  publisher={Royal Society of Chemistry}
}

@article{yamada2006electrochemical,
  title={Electrochemical, Magnetic, and Structural Investigation of the  {Li$_x$(Mn$_y$Fe$_{1-y}$)PO$_4$} Olivine Phases},
  author={Yamada, Atsuo and Takei, Yuki and Koizumi, Hiroshi and Sonoyama, Noriyuki and Kanno, Ryoji and Itoh, Keiji and Yonemura, Masao and Kamiyama, Takashi},
  journal={Chemistry of materials},
  volume={18},
  number={3},
  pages={804--813},
  year={2006},
  publisher={ACS Publications}
}

@article{arvcon2004comparative,
  title={A comparative study of magnetic properties of  {LiFePO$_4$} and  {LiMnPO$_4$}},
  author={Ar{\v{c}}on, Denis and Zorko, Andrej and Dominko, Robert and Jagli{\v{c}}i{\v{c}}, Zvonko},
  journal={Journal of Physics: Condensed Matter},
  volume={16},
  number={30},
  pages={5531},
  year={2004},
  publisher={IOP Publishing}
}

@article{xu2017improvement,
  title={Improvement of electrochemical activity of  {LiMnPO$_4$}--based cathode by surface iron enrichment},
  author={Xu, Xiaoyue and Wang, Tao and Bi, Yujing and Liu, Meng and Yang, Wenchao and Peng, Zhe and Wang, Deyu},
  journal={Journal of Power Sources},
  volume={341},
  pages={175--182},
  year={2017},
  publisher={Elsevier}
}

@article{zaghib2007electronic,
  title={Electronic, optical, and magnetic properties of  {LiFePO$_4$}: small magnetic polaron effects},
  author={Zaghib, K and Mauger, A and Goodenough, John B and Gendron, F and Julien, CM},
  journal={Chemistry of materials},
  volume={19},
  number={15},
  pages={3740--3747},
  year={2007},
  publisher={ACS Publications}
}

@article{zhang2019selecting,
  title={Selecting substituent elements for  {LiMnPO$_4$} cathode materials combined with density functional theory (DFT) calculations and experiments},
  author={Zhang, Hongliang and Gong, Yang and Li, Jie and Du, Ke and Cao, Yanbing and Li, Jiaqi},
  journal={Journal of Alloys and Compounds},
  volume={793},
  pages={360--368},
  year={2019},
  publisher={Elsevier}
}

@article{paolella2015cation,
  title={Cation exchange mediated elimination of the Fe-antisites in the hydrothermal synthesis of  {LiFePO$_4$}},
  author={Paolella, Andrea and Bertoni, Giovanni and Hovington, Pierre and Feng, Zimin and Flacau, Roxana and Prato, Mirko and Colombo, Massimo and Marras, Sergio and Manna, Liberato and Turner, Stuart and others},
  journal={Nano Energy},
  volume={16},
  pages={256--267},
  year={2015},
  publisher={Elsevier}
}

@article{chen2011situ,
  title={In situ hydrothermal synthesis of  {LiFePO$_4$} studied by synchrotron X-ray diffraction},
  author={Chen, Jiajun and Bai, Jianming and Chen, Haiyan and Graetz, Jason},
  journal={The Journal of Physical Chemistry Letters},
  volume={2},
  number={15},
  pages={1874--1878},
  year={2011},
  publisher={ACS Publications}
}

@article{islam2005atomic,
  title={Atomic-scale investigation of defects, dopants, and lithium transport in the  {LiFePO$_4$} olivine-type battery material},
  author={Islam, M Saiful and Driscoll, Daniel J and Fisher, Craig AJ and Slater, Peter R},
  journal={Chemistry of Materials},
  volume={17},
  number={20},
  pages={5085--5092},
  year={2005},
  publisher={ACS Publications}
}

@article{chen2011study,
  title={Study of antisite defects in hydrothermally prepared  {LiFePO$_4$} by in situ X-ray diffraction},
  author={Chen, Jiajun and Graetz, Jason},
  journal={ACS applied materials \& interfaces},
  volume={3},
  number={5},
  pages={1380--1384},
  year={2011},
  publisher={ACS Publications}
}

@article{jensen2013defects,
  title={Defects in Hydrothermally Synthesized  {LiFePO$_4$} and  {LiFe$_{1-x}$Mn$_x$PO$_4$} Cathode Materials},
  author={Jensen, Kirsten M{\O} and Christensen, Mogens and Gunnlaugsson, Haraldur P and Lock, Nina and B{\o}jesen, Espen D and Proffen, Thomas and Iversen, Bo B},
  journal={Chemistry of Materials},
  volume={25},
  number={11},
  pages={2282--2290},
  year={2013},
  publisher={ACS Publications}
}

@article{halankar2018optimization,
  title={Optimization of lithium content in  {LiFePO$_4$} for superior electrochemical performance: the role of impurities},
  author={Halankar, Kruti K and Mandal, BP and Jangid, Manoj K and Mukhopadhyay, A and Meena, Sher Singh and Acharya, R and Tyagi, AK},
  journal={RSC advances},
  volume={8},
  number={2},
  pages={1140--1147},
  year={2018},
  publisher={Royal Society of Chemistry}
}

@article{amisse2015singular,
  title={Singular structural and electrochemical properties in highly defective  {LiFePO$_4$} powders},
  author={Amisse, Robin and Sougrati, Moulay Tahar and Stievano, Lorenzo and Davoisne, Carine and Drazic, Goran and Budic, Bojan and Dominko, Robert and Masquelier, Christian},
  journal={Chemistry of materials},
  volume={27},
  number={12},
  pages={4261--4273},
  year={2015},
  publisher={ACS Publications}
}

@article{wu2011lifepo4,
  title={ {LiFePO$_4$} cathode material},
  author={Wu, Borong and Ren, Yonghuan and Li, Ning},
  journal={Electric Vehicles-The Benefits and Barriers},
  pages={199--216},
  year={2011},
  publisher={InTech}
}

@article{chung2008atomic,
  title={Atomic-scale visualization of antisite defects in  {LiFePO$_4$}},
  author={Chung, Sung-Yoon and Choi, Si-Young and Yamamoto, Takahisa and Ikuhara, Yuichi},
  journal={Physical review letters},
  volume={100},
  number={12},
  pages={125502},
  year={2008},
  publisher={APS}
}

@article{chung2012distinct,
  title={Distinct configurations of antisite defects in ordered metal phosphates: comparison between  {LiMnPO$_4$} and  {LiFePO$_4$}},
  author={Chung, Sung-Yoon and Choi, Si-Young and Lee, Seongsu and Ikuhara, Yuichi},
  journal={Physical review letters},
  volume={108},
  number={19},
  pages={195501},
  year={2012},
  publisher={APS}
}

@article{park2014anti,
  title={Anti-site reordering in  {LiFePO$_4$}: defect annihilation on charge carrier injection},
  author={Park, Kyu-Young and Park, Inchul and Kim, Hyungsub and Lim, Hee-dae and Hong, Jihyun and Kim, Jongsoon and Kang, Kisuk},
  journal={Chemistry of Materials},
  volume={26},
  number={18},
  pages={5345--5351},
  year={2014},
  publisher={ACS Publications}
}

@article{axmann2009nonstoichiometric,
  title={Nonstoichiometric  {LiFePO$_4$}: defects and related properties},
  author={Axmann, P and Stinner, C and Wohlfahrt-Mehrens, Margret and Mauger, A and Gendron, F and Julien, CM},
  journal={Chemistry of Materials},
  volume={21},
  number={8},
  pages={1636--1644},
  year={2009},
  publisher={ACS Publications}
}

@article{wright1994computer,
  title={A computer simulation study of (OH) defects in olivine},
  author={Wright, Kate and Catlow, CRA},
  journal={Physics and Chemistry of Minerals},
  volume={20},
  number={7},
  pages={515--518},
  year={1994},
  publisher={Springer}
}

@article{rossman1996studies,
  title={Studies of OH in nominally anhydrous minerals},
  author={Rossman, GR},
  journal={Physics and Chemistry of Minerals},
  volume={23},
  number={4-5},
  pages={299--304},
  year={1996},
  publisher={Springer}
}

@article{brodholt2000ab,
  title={An ab initio study of hydrogen in forsterite and a possible mechanism for hydrolytic weakening},
  author={Brodholt, John P and Refson, Keith},
  journal={Journal of Geophysical Research: Solid Earth},
  volume={105},
  number={B8},
  pages={18977--18982},
  year={2000},
  publisher={Wiley Online Library}
}

@article{jain2011high,
  title={A high-throughput infrastructure for density functional theory calculations},
  author={Jain, Anubhav and Hautier, Geoffroy and Moore, Charles J and Ong, Shyue Ping and Fischer, Christopher C and Mueller, Tim and Persson, Kristin A and Ceder, Gerbrand},
  journal={Computational Materials Science},
  volume={50},
  number={8},
  pages={2295--2310},
  year={2011},
  publisher={Elsevier}
}

@article{hu2015molecular,
  title={Molecular dynamics simulations on lithium diffusion in  {LiFePO$_4$}: the effect of anti-site defects},
  author={Hu, Boyang and Tao, Guohua},
  journal={Journal of Materials Chemistry A},
  volume={3},
  number={40},
  pages={20399--20407},
  year={2015},
  publisher={Royal Society of Chemistry}
}

@article{zhou2017comparative,
  title={Comparative study on hydrothermally synthesized  {LiMn$_{x}$Fe$_{1-x}$PO$_4$} (x= 0$\sim$1) cathode at full-cell level},
  author={Zhou, Guofeng and Guo, Shuaiyang},
  journal={Russian Journal of Applied Chemistry},
  volume={90},
  number={7},
  pages={1188--1192},
  year={2017},
  publisher={Springer}
}

@article{rousse2003magnetic,
  title={Magnetic structures of the triphylite  {LiFePO$_4$} and of its delithiated form  {FePO$_4$}},
  author={Rousse, G and Rodriguez-Carvajal, J and Patoux, S and Masquelier, C},
  journal={Chemistry of materials},
  volume={15},
  number={21},
  pages={4082--4090},
  year={2003},
  publisher={ACS Publications}
}

@article{urusova2017magnetic,
  title={Magnetic ordering and crystal structure of  {LiMPO$_4$} compounds with {M=(Mn, Fe, Ni/Mn, and Ni/Co)}},
  author={Urusova, NV and Semkin, MA and Lee, S and Barykina, Yu A and Kellerman, DG and Teplykh, AE and Pirogov, AN and Volegov, AS and Skryabin, Yu N},
  journal={Ferroelectrics},
  volume={509},
  number={1},
  pages={74--79},
  year={2017},
  publisher={Taylor \& Francis}
}

@article{li2002limnpo4,
  title={ {LiMnPO$_4$} as the cathode for lithium batteries},
  author={Li, Guohua and Azuma, Hideto and Tohda, Masayuki},
  journal={Electrochemical and Solid State Letters},
  volume={5},
  number={6},
  pages={A135},
  year={2002},
  publisher={IOP Publishing}
}

@article{ong2008li,
  title={ {Li-Fe-P-O$_2$} phase diagram from first principles calculations},
  author={Ong, Shyue Ping and Wang, Lei and Kang, Byoungwoo and Ceder, Gerbrand},
  journal={Chemistry of Materials},
  volume={20},
  number={5},
  pages={1798--1807},
  year={2008},
  publisher={ACS Publications}
}

@article{kresse1996efficiency,
  title={Efficiency of ab-initio total energy calculations for metals and semiconductors using a plane-wave basis set},
  author={Kresse, Georg and Furthm{\"u}ller, J{\"u}rgen},
  journal={Computational materials science},
  volume={6},
  number={1},
  pages={15--50},
  year={1996},
  publisher={Elsevier}
}


@article{perdew1996generalized,
  title={Generalized gradient approximation made simple},
  author={Perdew, John P and Burke, Kieron and Ernzerhof, Matthias},
  journal={Physical review letters},
  volume={77},
  number={18},
  pages={3865},
  year={1996},
  publisher={APS}
}

@misc{siman,
  howpublished = "\url{https://github.com/dimonaks/siman/tree/master/siman}",
}

@article{wang2002investigation,
  title={Investigation of cobalt oxides as anode materials for Li-ion batteries},
  author={Wang, GX and Chen, Y and Konstantinov, K and Lindsay, Matthew and Liu, HK and Dou, SX},
  journal={Journal of Power Sources},
  volume={109},
  number={1},
  pages={142--147},
  year={2002},
  publisher={Elsevier}
}

@article{ruess2017dye,
  title={Dye-sensitized solar cells with electrodeposited  {ZnO} and  {Co(bpy)$_3$} redox electrolyte: Investigation of mass transport in the electrolyte and interfacial charge recombination},
  author={Ruess, Raffael and Haas, Sebastian and Ringleb, Andreas and Schlettwein, Derck},
  journal={Electrochimica Acta},
  volume={258},
  pages={591--598},
  year={2017},
  publisher={Elsevier}
}

@article{choi2002factors,
  title={Factors that affect cycle-life and possible degradation mechanisms of a  {Li-ion} cell based on LiCoO2},
  author={Choi, Soo Seok and Lim, Hong S},
  journal={Journal of Power Sources},
  volume={111},
  number={1},
  pages={130--136},
  year={2002},
  publisher={Elsevier}
}




